<record><leader>00000cas a2200000 i 4500</leader><controlfield tag="001">12182297</controlfield><controlfield tag="008">850620d187u2010inuwr ne      0    0eng c</controlfield><datafield ind1=" " ind2=" " tag="010"><subfield code="a">sn 85047964 </subfield></datafield><datafield ind1=" " ind2=" " tag="040"><subfield code="a">NPI</subfield><subfield code="b">eng</subfield><subfield code="e">rda</subfield><subfield code="c">NPI</subfield><subfield code="d">KNP</subfield><subfield code="d">OCL</subfield><subfield code="d">OCLCQ</subfield><subfield code="d">IUL</subfield><subfield code="d">NPI</subfield><subfield code="d">OCLCQ</subfield><subfield code="d">OCLCF</subfield><subfield code="d">IUL</subfield></datafield><datafield ind1=" " ind2=" " tag="042"><subfield code="a">pcc</subfield></datafield><datafield ind1=" " ind2=" " tag="043"><subfield code="a">n-us-in</subfield></datafield><datafield ind1="0" ind2="4" tag="245"><subfield code="a">The Paoli Republican.</subfield></datafield><datafield ind1=" " ind2="1" tag="264"><subfield code="a">Paoli, Orange County, Indiana. :</subfield><subfield code="b">Collier &amp; Thro0p,</subfield><subfield code="c">-2010.</subfield></datafield><datafield ind1=" " ind2=" " tag="300"><subfield code="a">volumes :</subfield><subfield code="b">illustrations ;</subfield><subfield code="c">44-61 cm</subfield></datafield><datafield ind1=" " ind2=" " tag="310"><subfield code="a">Weekly</subfield></datafield><datafield ind1=" " ind2=" " tag="336"><subfield code="a">text</subfield><subfield code="b">txt</subfield><subfield code="2">rdacontent</subfield></datafield><datafield ind1=" " ind2=" " tag="337"><subfield code="a">unmediated</subfield><subfield code="b">n</subfield><subfield code="2">rdamedia</subfield></datafield><datafield ind1=" " ind2=" " tag="338"><subfield code="a">volume</subfield><subfield code="b">nc</subfield><subfield code="2">rdacarrier</subfield></datafield><datafield ind1="1" ind2=" " tag="362"><subfield code="a">Began in 1878?; ceased with v. 135, no. 54 (Jan. 5, 2010) issue.</subfield></datafield><datafield ind1=" " ind2=" " tag="500"><subfield code="a">Beginning with the July 20?, 1954 issue, published in conjunction with "The Paoli news." The papers then share a single volume number, and carry alternate issue numbers.</subfield></datafield><datafield ind1=" " ind2=" " tag="525"><subfield code="a">Includes: "Anniversary supplement" (June 13, 1935), and Paoli "Centennial edition" (Aug. 3, 1950).</subfield></datafield><datafield ind1=" " ind2=" " tag="588"><subfield code="a">Final issue consulted.</subfield></datafield><datafield ind1=" " ind2=" " tag="588"><subfield code="a">Description based on: Volume IV, number 24 (January 29, 1879); title from masthead, U.S. Newspaper Archive (viewed Aug. 2, 2017).</subfield></datafield><datafield ind1=" " ind2="0" tag="651"><subfield code="a">Paoli (Ind.)</subfield><subfield code="v">Newspapers.</subfield></datafield><datafield ind1=" " ind2="0" tag="651"><subfield code="a">Orange County (Ind.)</subfield><subfield code="v">Newspapers.</subfield></datafield><datafield ind1=" " ind2="7" tag="651"><subfield code="a">Indiana</subfield><subfield code="z">Orange County.</subfield><subfield code="2">fast</subfield><subfield code="0">(OCoLC)fst01217844</subfield></datafield><datafield ind1=" " ind2="7" tag="651"><subfield code="a">Indiana</subfield><subfield code="z">Paoli.</subfield><subfield code="2">fast</subfield><subfield code="0">(OCoLC)fst01237918</subfield></datafield><datafield ind1=" " ind2="7" tag="655"><subfield code="a">Newspapers.</subfield><subfield code="2">fast</subfield><subfield code="0">(OCoLC)fst01423814</subfield></datafield><datafield ind1=" " ind2=" " tag="752"><subfield code="a">United States</subfield><subfield code="b">Indiana</subfield><subfield code="c">Orange</subfield><subfield code="d">Paoli.</subfield></datafield><datafield ind1="0" ind2="0" tag="780"><subfield code="t">Republican (Paoli, Ind.)</subfield><subfield code="w">(DLC)sn 85047963</subfield><subfield code="w">(OCoLC)12182071</subfield></datafield><datafield ind1="0" ind2="7" tag="785"><subfield code="t">Paoli news</subfield><subfield code="w">(DLC)sn 85047962</subfield><subfield code="w">(OCoLC)12181980</subfield></datafield><datafield ind1="0" ind2="7" tag="785"><subfield code="t">Paoli news-Republican</subfield><subfield code="w">(DLC)  2010271000</subfield><subfield code="w">(OCoLC)501315302</subfield></datafield><datafield ind1="1" ind2=" " tag="787"><subfield code="t">Paoli news</subfield><subfield code="w">(DLC)sn 85047962</subfield><subfield code="w">(OCoLC)12181980</subfield></datafield><datafield ind1="4" ind2="1" tag="856"><subfield code="u">https://access.newspaperarchive.com/us/indiana/paoli/paoli-republican/</subfield></datafield><datafield ind1="1" ind2=" " tag="029"><subfield code="a">AU@</subfield><subfield code="b">000040296460</subfield></datafield></record>